<?xml version="1.0" encoding="UTF-8"?><collection xmlns="http://www.loc.gov/MARC21/slim"><record><leader>00456nam--2200121-i-4500</leader><controlfield tag="001">000037333</controlfield><controlfield tag="002">20161230</controlfield><controlfield tag="005">20161230201041</controlfield><controlfield tag="008">060222s1000------------r-----000-0-eng-d</controlfield><datafield ind1=" " ind2=" " tag="080"><subfield code="a">53(061.3)</subfield></datafield><datafield ind1=" " ind2=" " tag="245"><subfield code="a">Pjrogrese in fizica. sesiune anuala de comunicari. manifestare organizata in cadrul festivalului natiional c intarea romaniei, bucuresti 14-15.vi.1979</subfield></datafield><datafield ind1=" " ind2=" " tag="260"><subfield code="a">Bucuresti, Inst.Central De Fizica, Comitetul National De Fizica, 1979. 365p</subfield></datafield><datafield ind1=" " ind2=" " tag="852"><subfield code="a">46304</subfield></datafield></record></collection>